@article{1,
    author = {Balachandran, Athula and Sekar, Vyas and Akella, Aditya and
        Seshan, Srinivasan and Stoica, Ion and Zhang, Hui},
    title = {Developing a Predictive Model of Quality of Experience for
        Internet Video},
    journal = {SIGCOMM Comput. Commun. Rev.},
    issue_date = {October 2013},
    volume = {43},
    number = {4},
    month = aug,
    year = {2013},
    issn = {0146-4833},
    pages = {339--350},
    numpages = {12},
    url = {http://doi.acm.org/10.1145/2534169.2486025},
    doi = {10.1145/2534169.2486025},
    acmid = {2486025},
    publisher = {ACM},
    address = {New York, NY, USA},
    keywords = {human factors, measurement, peformance, video
        quality},
}

@inproceedings{2,
    author = {Sun, Yi and Fayaz, Seyed Kaveh and Guo, Yang and Sekar, Vyas and
        Jin, Yun and Kaafar, Mohamed Ali and Uhlig, Steve},
    title = {Trace-Driven Analysis of ICN Caching Algorithms on
        Video-on-Demand Workloads},
    booktitle = {Proceedings of the 10th ACM International on Conference on
        Emerging Networking Experiments and Technologies},
    series = {CoNEXT '14},
    year = {2014},
    isbn = {978-1-4503-3279-8},
    location = {Sydney, Australia},
    pages = {363--376},
    numpages = {14},
    url = {http://doi.acm.org/10.1145/2674005.2675003},
    doi = {10.1145/2674005.2675003},
    acmid = {2675003},
    publisher = {ACM},
    address = {New York, NY, USA},
    keywords = {caching, information-centric networking, internet
        video},
} 

@article{3,
    author = {Spring, Neil and Mahajan, Ratul and Wetherall, David and
        Anderson, Thomas},
    title = {Measuring ISP Topologies with Rocketfuel},
    journal = {IEEE/ACM Trans. Netw.},
    issue_date = {February 2004},
    volume = {12},
    number = {1},
    month = feb,
    year = {2004},
    issn = {1063-6692},
    pages = {2--16},
    numpages = {15},
    url = {http://dx.doi.org/10.1109/TNET.2003.822655},
    doi = {10.1109/TNET.2003.822655},
    acmid = {973494},
    publisher = {IEEE Press},
    address = {Piscataway, NJ, USA},
    keywords = {communication system operations and management,
        internet, measurement, network reliability},
} 
